<?xml version="1.0" encoding="UTF-8"?>
<Document xmlns="urn:iso:std:iso:20022:tech:xsd:pacs.001.001.09">
    <CstmrCdtTrfInitn>
        <GrpHdr>
            <MsgId>MSG20250503001</MsgId>
            <CreDtTm>2025-05-03T14:00:00Z</CreDtTm>
            <NbOfTxs>2</NbOfTxs>
            <CtrlSum>17000.00</CtrlSum>
            <InitgPty>
                <Nm>ABC Corporation</Nm>
            </InitgPty>
        </GrpHdr>

        <!-- Transaction 1 -->
        <PmtInf>
            <PmtInfId>PAYMENTBATCH001</PmtInfId>
            <PmtMtd>TRF</PmtMtd>
            <BtchBookg>false</BtchBookg>
            <NbOfTxs>1</NbOfTxs>
            <CtrlSum>5000.00</CtrlSum>
            <PmtTpInf>
                <SvcLvl>
                    <Cd>SEPA</Cd>
                </SvcLvl>
            </PmtTpInf>
            <ReqdExctnDt>2025-05-04</ReqdExctnDt>
            <Dbtr>
                <Nm>ABC Corporation</Nm>
            </Dbtr>
            <DbtrAcct>
                <Id>
                    <IBAN>DE89370400440532013000</IBAN>
                </Id>
            </DbtrAcct>
            <DbtrAgt>
                <FinInstnId>
                    <BIC>DEUTDEFFXXX</BIC>
                </FinInstnId>
            </DbtrAgt>
            <CdtTrfTxInf>
                <PmtId>
                    <EndToEndId>E2EINV0001</EndToEndId>
                </PmtId>
                <Amt>
                    <InstdAmt Ccy="EUR">5000.00</InstdAmt>
                </Amt>
                <CdtrAgt>
                    <FinInstnId>
                        <BIC>BNPAFRPPXXX</BIC>
                    </FinInstnId>
                </CdtrAgt>
                <Cdtr>
                    <Nm>John Smith</Nm>
                </Cdtr>
                <CdtrAcct>
                    <Id>
                        <IBAN>FR7630006000011234567890189</IBAN>
                    </Id>
                </CdtrAcct>
            </CdtTrfTxInf>
        </PmtInf>
        <!-- Transaction 2 -->
        <PmtInf>
            <PmtInfId>PAYMENTBATCH002</PmtInfId>
            <PmtMtd>TRF</PmtMtd>
            <BtchBookg>false</BtchBookg>
            <NbOfTxs>1</NbOfTxs>
            <CtrlSum>12000.00</CtrlSum>
            <PmtTpInf>
                <SvcLvl>
                    <Cd>SEPA</Cd>
                </SvcLvl>
            </PmtTpInf>
            <ReqdExctnDt>2025-05-04</ReqdExctnDt>
            <Dbtr>
                <Nm>ABC Corporation</Nm>
            </Dbtr>
            <DbtrAcct>
                <Id>
                    <IBAN>DE89370400440532013000</IBAN>
                </Id>
            </DbtrAcct>
            <DbtrAgt>
                <FinInstnId>
                    <BIC>DEUTDEFFXXX</BIC>
                </FinInstnId>
            </DbtrAgt>
            <CdtTrfTxInf>
                <PmtId>
                    <EndToEndId>E2EINV0002</EndToEndId>
                </PmtId>
                <Amt>
                    <InstdAmt Ccy="EUR">12000.00</InstdAmt>
                </Amt>
                <CdtrAgt>
                    <FinInstnId>
                        <BIC>SOGEFRPPXXX</BIC>
                    </FinInstnId>
                </CdtrAgt>
                <Cdtr>
                    <Nm>Jane Doe</Nm>
                </Cdtr>
                <CdtrAcct>
                    <Id>
                        <IBAN>FR7630007000011234567890190</IBAN>
                    </Id>
                </CdtrAcct>
            </CdtTrfTxInf>
        </PmtInf>

    </CstmrCdtTrfInitn>
</Document>
